<?xml version="1.0" encoding="UTF-8"?><collection xmlns="http://www.loc.gov/MARC21/slim"><record><leader>00471nam--2200157-i-4500</leader><controlfield tag="001">000008826</controlfield><controlfield tag="002">20161230</controlfield><controlfield tag="005">20170225105410</controlfield><controlfield tag="008">060222s1000------------r-----000-0-eng-d</controlfield><datafield ind1=" " ind2=" " tag="100"><subfield code="a">Byckling, Eero</subfield></datafield><datafield ind1=" " ind2=" " tag="245"><subfield code="a">A monte carlo method for generating peripheral events</subfield></datafield><datafield ind1=" " ind2=" " tag="260"><subfield code="a">Helsinki</subfield><subfield code="b">Research Institute For Theoretical Physics</subfield><subfield code="c">1969</subfield></datafield><datafield ind1=" " ind2=" " tag="300"><subfield code="a">21 p</subfield></datafield><datafield ind1=" " ind2=" " tag="490"><subfield code="a">Preprint Series In Theoretical Physics, Nr.3</subfield></datafield><datafield ind1=" " ind2=" " tag="852"><subfield code="a">539.12.01</subfield></datafield><datafield ind1=" " ind2=" " tag="CAT"><subfield code="a">SYS</subfield><subfield code="c">20170225</subfield><subfield code="h">105410</subfield></datafield></record></collection>